<record><leader>00000cas a2200000 a 4500</leader><controlfield tag="001">34055973</controlfield><controlfield tag="008">960119d19121925azucr ne      0   a0eng d</controlfield><datafield ind1=" " ind2=" " tag="010"><subfield code="a">sn 95060954 </subfield></datafield><datafield ind1=" " ind2=" " tag="040"><subfield code="a">ANN</subfield><subfield code="b">eng</subfield><subfield code="c">ANN</subfield><subfield code="d">OCLCQ</subfield><subfield code="d">OCLCF</subfield><subfield code="d">OCLCO</subfield></datafield><datafield ind1="1" ind2=" " tag="029"><subfield code="a">AU@</subfield><subfield code="b">000012204439</subfield></datafield><datafield ind1=" " ind2=" " tag="042"><subfield code="a">msc</subfield></datafield><datafield ind1=" " ind2=" " tag="043"><subfield code="a">n-us-az</subfield></datafield><datafield ind1="0" ind2=" " tag="130"><subfield code="a">Glendale news (Glendale, Ariz. : 1912)</subfield></datafield><datafield ind1="1" ind2="4" tag="245"><subfield code="a">The Glendale news.</subfield></datafield><datafield ind1=" " ind2=" " tag="260"><subfield code="a">Glendale, Ariz. :</subfield><subfield code="b">Glendale Print Co.,</subfield><subfield code="c">1912-1925.</subfield></datafield><datafield ind1=" " ind2=" " tag="300"><subfield code="a">v.</subfield></datafield><datafield ind1=" " ind2=" " tag="310"><subfield code="a">Semiweekly,</subfield><subfield code="b">Jan. 2, 1923-Mar. 23, 1925</subfield></datafield><datafield ind1=" " ind2=" " tag="321"><subfield code="a">Frequency varies,</subfield><subfield code="b">Feb. 15, 1912-Dec. 28, 1922</subfield></datafield><datafield ind1="0" ind2=" " tag="362"><subfield code="a">Vol. 1, no. 1 (Feb. 15, 1912)-13th year, no. 21 (Mar. 23, 1925).</subfield></datafield><datafield ind1=" " ind2="0" tag="651"><subfield code="a">Glendale (Ariz.)</subfield><subfield code="v">Newspapers.</subfield></datafield><datafield ind1=" " ind2="7" tag="655"><subfield code="a">Newspapers.</subfield><subfield code="2">fast</subfield><subfield code="0">(OCoLC)fst01423814</subfield></datafield><datafield ind1=" " ind2="7" tag="651"><subfield code="a">Arizona</subfield><subfield code="z">Glendale.</subfield><subfield code="2">fast</subfield><subfield code="0">(OCoLC)fst01207568</subfield></datafield><datafield ind1=" " ind2=" " tag="752"><subfield code="a">United States</subfield><subfield code="b">Arizona</subfield><subfield code="c">Maricopa</subfield><subfield code="d">Glendale.</subfield></datafield><datafield ind1="0" ind2="0" tag="785"><subfield code="t">Northside news (Glendale, Ariz.)</subfield><subfield code="w">(DLC)sn 95060955</subfield></datafield></record>